<?xml version="1.0" encoding="UTF-8"?><record xmlns="http://www.loc.gov/MARC21/slim" xmlns:cinclude="http://apache.org/cocoon/include/1.0" xmlns:zs="http://www.loc.gov/zing/srw/">
  <leader>00542nz  a2200121n  4500</leader>
  <controlfield tag="001">n 2003118680</controlfield>
  <controlfield tag="003">DLC</controlfield>
  <controlfield tag="005">20031117161248.0</controlfield>
  <controlfield tag="008">031117n| acannaabn          |n aaa      </controlfield>
  <datafield tag="010" ind1=" " ind2=" ">
    <subfield code="a">n 2003118680</subfield>
  </datafield>
  <datafield tag="040" ind1=" " ind2=" ">
    <subfield code="a">DLC</subfield>
    <subfield code="b">eng</subfield>
    <subfield code="c">DLC</subfield>
  </datafield>
  <datafield tag="100" ind1="1" ind2=" ">
    <subfield code="a">Wierichs, Günter</subfield>
  </datafield>
  <datafield tag="670" ind1=" " ind2=" ">
    <subfield code="a">Wierichs, Günter. Gabler Kompakt-Lexikon Bank und Börse, 2001:</subfield>
    <subfield code="b">t.p. (Günter Wierichs) verso of t.p. (Dr.; Studiendirektor in Bankfachklassen an Leo-Statz-Berufskolleg Düsseldorf; Fachleiter für Wirtschaftswissenschaft und Bankbetriebslehre am Studienseminar Düsseldorf)</subfield>
  </datafield>
</record>